[gd_scene load_steps=12 format=2]

[ext_resource path="res://domains/commands/quick_if.gd" type="Script" id=1]
[ext_resource path="res://domains/commands/wait.tscn" type="PackedScene" id=2]
[ext_resource path="res://domains/commands/make_body_look_at.tscn" type="PackedScene" id=3]
[ext_resource path="res://domains/commands/quick_if.tscn" type="PackedScene" id=4]
[ext_resource path="res://domains/commands/speech.tscn" type="PackedScene" id=5]
[ext_resource path="res://domains/commands/choice.tscn" type="PackedScene" id=6]
[ext_resource path="res://domains/scenes/start_ch1.tscn" type="PackedScene" id=7]
[ext_resource path="res://domains/component.tscn" type="PackedScene" id=8]
[ext_resource path="res://domains/commands/if.tscn" type="PackedScene" id=9]
[ext_resource path="res://domains/commands/set_flag.tscn" type="PackedScene" id=10]
[ext_resource path="res://domains/scenes/talk_about_coyote.tscn" type="PackedScene" id=11]

[node name="talk_to_hasha_ch1" type="Node2D"]

script = ExtResource( 1 )
__meta__ = {
"_edit_group_": true
}
conditional_statements = "st.hasha_shop_talk >= 1"
conditions = null
time_based = false
time_window_start = 0
time_window_end = 0

[node name="wait" parent="." index="0" instance=ExtResource( 2 )]

time = 0.1

[node name="make_body_look_at" parent="." index="1" instance=ExtResource( 3 )]

body_name = "player"
direction = 1

[node name="talk_2" parent="." index="2" instance=ExtResource( 4 )]

editor/display_folded = true
conditional_statements = "st.hasha_shop_talk > 1"

[node name="not_five_yet" parent="talk_2" index="0" instance=ExtResource( 4 )]

editor/display_folded = true
conditional_statements = ""
time_based = true
time_window_end = 17.0

[node name="hang" parent="talk_2/not_five_yet" index="0" instance=ExtResource( 5 )]

text = "Hey, so....

You want to hang out here?"
speaker_name = "Hasha"

[node name="choice" parent="talk_2/not_five_yet" index="1" instance=ExtResource( 6 )]

editor/display_folded = true
question = "Hang out with Hasha?"
option0 = "Yeah, sure."
option0_target = "start_ch1"
option1 = "Maybe later?"
option1_target = "no"

[node name="start_ch1" parent="talk_2/not_five_yet/choice" index="0" instance=ExtResource( 7 )]

[node name="no" parent="talk_2/not_five_yet/choice" index="1" instance=ExtResource( 8 )]

[node name="speech" parent="talk_2/not_five_yet/choice/no" index="0" instance=ExtResource( 5 )]

text = "Okay. See you soon."
speaker_name = "Hasha"

[node name="past_five" parent="talk_2" index="1" instance=ExtResource( 4 )]

editor/display_folded = true
conditional_statements = ""
time_based = true
time_window_start = 17.0
time_window_end = 24.0

[node name="going" parent="talk_2/past_five" index="0" instance=ExtResource( 5 )]

text = "Hey, so.

Are we going?"
speaker_name = "Hasha"

[node name="yeah" parent="talk_2/past_five" index="1" instance=ExtResource( 5 )]

text = ".....

...Yeah.

Let's go."
speaker_name = "Tyche"

[node name="start_ch1" parent="talk_2/past_five" index="2" instance=ExtResource( 7 )]

[node name="talk_1" parent="." index="3" instance=ExtResource( 4 )]

editor/display_folded = true
conditional_statements = "st.hasha_shop_talk == 1"

[node name="is_lunch_time" parent="talk_1" index="0" instance=ExtResource( 9 )]

conditional_statements = "st.has_snacks == 0
st.has_croissant == 0"
time_based = true
time_window_end = 15.0
if_true = "no_lunch"
if_false = "carry_on"

[node name="no_lunch" parent="talk_1/is_lunch_time" index="0" instance=ExtResource( 8 )]

[node name="no_lunch_still" parent="talk_1/is_lunch_time/no_lunch" index="0" instance=ExtResource( 4 )]

conditional_statements = "st.no_lunch_talk == 1"

[node name="food" parent="talk_1/is_lunch_time/no_lunch/no_lunch_still" index="0" instance=ExtResource( 5 )]

text = "What about that lunch?"
speaker_name = "Hasha"

[node name="no_lunch_talk" parent="talk_1/is_lunch_time/no_lunch" index="1" instance=ExtResource( 4 )]

conditional_statements = "st.no_lunch_talk == 0"

[node name="food" parent="talk_1/is_lunch_time/no_lunch/no_lunch_talk" index="0" instance=ExtResource( 5 )]

text = "Did you bring food?"
speaker_name = "Hasha"

[node name="no_food" parent="talk_1/is_lunch_time/no_lunch/no_lunch_talk" index="1" instance=ExtResource( 5 )]

text = ".....

.....

Sorry."
speaker_name = "Tyche"

[node name="leftovers" parent="talk_1/is_lunch_time/no_lunch/no_lunch_talk" index="2" instance=ExtResource( 5 )]

text = "Oh.

It's fine.

I can have some leftovers."
speaker_name = "Hasha"

[node name="sorry" parent="talk_1/is_lunch_time/no_lunch/no_lunch_talk" index="3" instance=ExtResource( 5 )]

text = "I'm sorry, Hash, really!"
speaker_name = "Tyche"

[node name="sacrifice" parent="talk_1/is_lunch_time/no_lunch/no_lunch_talk" index="4" instance=ExtResource( 5 )]

text = "Well.....

I am a very understanding ruler.
I shall accept a sacrifice until [color=yellow]3PM[/color].

But really, though, you don't have to.

It's cool.

I can survive."
speaker_name = "Hasha"

[node name="set_flag" parent="talk_1/is_lunch_time/no_lunch/no_lunch_talk" index="5" instance=ExtResource( 10 )]

flag_name = "no_lunch_talk"
value = 1

[node name="carry_on" parent="talk_1/is_lunch_time" index="1" instance=ExtResource( 8 )]

[node name="has_snacks" parent="talk_1/is_lunch_time/carry_on" index="0" instance=ExtResource( 4 )]

conditional_statements = "st.has_snacks == 1"
time_based = true
time_window_end = 15.0

[node name="food" parent="talk_1/is_lunch_time/carry_on/has_snacks" index="0" instance=ExtResource( 5 )]

text = "I got Gummy Steaks for you.

I'm sorry they're not croissants. I tried.

The guy selling pastries was too scary to talk to.

I hope it's okay."
speaker_name = "Tyche"

[node name="chill_girl" parent="talk_1/is_lunch_time/carry_on/has_snacks" index="1" instance=ExtResource( 5 )]

text = "....Tyche Spots.

You brought me food.

And the food you brought has ridiculous
amounts of sugar.

There is no downside to this.

Thank you.

And please chill your tail."
speaker_name = "Hasha"

[node name="sorry" parent="talk_1/is_lunch_time/carry_on/has_snacks" index="2" instance=ExtResource( 5 )]

text = "Okay, okay...

Thanks.

And sorry."
speaker_name = "Tyche"

[node name="not_accepted" parent="talk_1/is_lunch_time/carry_on/has_snacks" index="3" instance=ExtResource( 5 )]

text = "Apology not accepted!

You got nothing to be sorry for.

Snacks are great."
speaker_name = "Hasha"

[node name="cook" parent="talk_1/is_lunch_time/carry_on/has_snacks" index="4" instance=ExtResource( 5 )]

text = "I'll cook for you next time.

You need actual nutrients every once
in a while, you know."
speaker_name = "Tyche"

[node name="not_accepted2" parent="talk_1/is_lunch_time/carry_on/has_snacks" index="5" instance=ExtResource( 5 )]

text = "God, yes, please."
speaker_name = "Hasha"

[node name="wait2" parent="talk_1/is_lunch_time/carry_on/has_snacks" index="6" instance=ExtResource( 2 )]

time = 0.5

[node name="has_croissant" parent="talk_1/is_lunch_time/carry_on" index="1" instance=ExtResource( 4 )]

conditional_statements = "st.has_croissant == 1"
time_based = true
time_window_end = 15.0

[node name="i_have_them" parent="talk_1/is_lunch_time/carry_on/has_croissant" index="0" instance=ExtResource( 5 )]

text = "I got croissants!"
speaker_name = "Tyche"

[node name="marry_me" parent="talk_1/is_lunch_time/carry_on/has_croissant" index="1" instance=ExtResource( 5 )]

text = "...Tyche Spots.

Will you fucking marry me?"
speaker_name = "Hasha"

[node name="i_have_them2" parent="talk_1/is_lunch_time/carry_on/has_croissant" index="2" instance=ExtResource( 5 )]

text = "Ahahaha...

Right."
speaker_name = "Tyche"

[node name="wait3" parent="talk_1/is_lunch_time/carry_on/has_croissant" index="3" instance=ExtResource( 2 )]

time = 0.5

[node name="too_late_for_lunch" parent="talk_1/is_lunch_time/carry_on" index="2" instance=ExtResource( 4 )]

conditional_statements = ""
time_based = true
time_window_start = 15.0
time_window_end = 24.0

[node name="took_you_so_long" parent="talk_1/is_lunch_time/carry_on/too_late_for_lunch" index="0" instance=ExtResource( 5 )]

text = "Hey, stranger.

What took you so long?"
speaker_name = "Hasha"

[node name="carried_away" parent="talk_1/is_lunch_time/carry_on/too_late_for_lunch" index="1" instance=ExtResource( 5 )]

text = "Sorry.

I got carried away with other things."
speaker_name = "Tyche"

[node name="took_you_so_long2" parent="talk_1/is_lunch_time/carry_on/too_late_for_lunch" index="2" instance=ExtResource( 5 )]

text = "Well, it's YOUR day off.

You're free to do whatever you want!

You can even not hang out with me tonight.

It's your call, you know?"
speaker_name = "Hasha"

[node name="wait" parent="talk_1/is_lunch_time/carry_on/too_late_for_lunch" index="3" instance=ExtResource( 2 )]

time = 0.5

[node name="where_helen" parent="talk_1/is_lunch_time/carry_on" index="3" instance=ExtResource( 4 )]

conditional_statements = "pe.where_is_helen == 0"

[node name="hey_where" parent="talk_1/is_lunch_time/carry_on/where_helen" index="0" instance=ExtResource( 5 )]

text = "Hey, Hash...

Where is Helen?"
speaker_name = "Tyche"

[node name="poison" parent="talk_1/is_lunch_time/carry_on/where_helen" index="1" instance=ExtResource( 5 )]

text = "Oh, right.

Mom had food poisoning yesterday.

She drank some bad wine and had to go
to the hospital and stuff.

She's fine, though, it's all good.
I just have to manage the shop alone today."
speaker_name = "Hasha"

[node name="hey_where2" parent="talk_1/is_lunch_time/carry_on/where_helen" index="2" instance=ExtResource( 5 )]

text = "Oh.

She's upstairs then?

I hope she gets better soon."
speaker_name = "Tyche"

[node name="set_flag" parent="talk_1/is_lunch_time/carry_on/where_helen" index="3" instance=ExtResource( 10 )]

flag_type = 1
flag_name = "where_is_helen"
value = 1

[node name="wait2" parent="talk_1/is_lunch_time/carry_on/where_helen" index="4" instance=ExtResource( 2 )]

time = 0.5

[node name="talk_about_derek" parent="talk_1/is_lunch_time/carry_on" index="4" instance=ExtResource( 4 )]

conditional_statements = "st.met_derek > 0"

[node name="saw_derek" parent="talk_1/is_lunch_time/carry_on/talk_about_derek" index="0" instance=ExtResource( 5 )]

text = "Oh, by the way...

I saw Derek today.

You rem-"
speaker_name = "Tyche"

[node name="cute_wolf" parent="talk_1/is_lunch_time/carry_on/talk_about_derek" index="1" instance=ExtResource( 5 )]

text = "Yeah, I remember him.

The cute wolf who had a thing for the fox."
speaker_name = "Hasha"

[node name="i_forgot" parent="talk_1/is_lunch_time/carry_on/talk_about_derek" index="2" instance=ExtResource( 5 )]

text = "Oh, that..."
speaker_name = "Tyche"

[node name="its_true" parent="talk_1/is_lunch_time/carry_on/talk_about_derek" index="3" instance=ExtResource( 5 )]

text = "What? It's true!"
speaker_name = "Hasha"

[node name="just_dont" parent="talk_1/is_lunch_time/carry_on/talk_about_derek" index="4" instance=ExtResource( 5 )]

text = "....Yeah, anyway....

He said he's living nearby.

I missed him. Not everyday I meet
someone as awkward as me.

We should hang out with him sometime.

....I think."
speaker_name = "Tyche"

[node name="expand" parent="talk_1/is_lunch_time/carry_on/talk_about_derek" index="5" instance=ExtResource( 5 )]

text = "You need to expand your friendship horizons, Ty.

I can't be your only friend, you know.

You're not my only friend."
speaker_name = "Hasha"

[node name="not_that_easy" parent="talk_1/is_lunch_time/carry_on/talk_about_derek" index="6" instance=ExtResource( 5 )]

text = "Well, it's...

...I just...

It's not..."
speaker_name = "Tyche"

[node name="wait3" parent="talk_1/is_lunch_time/carry_on/talk_about_derek" index="7" instance=ExtResource( 2 )]

time = 2.0

[node name="talk_about_coyote" parent="talk_1/is_lunch_time/carry_on" index="5" instance=ExtResource( 11 )]

[node name="wait4" parent="talk_1/is_lunch_time/carry_on" index="6" instance=ExtResource( 2 )]

time = 0.2

[node name="not_five_yet" parent="talk_1/is_lunch_time/carry_on" index="7" instance=ExtResource( 4 )]

editor/display_folded = true
conditional_statements = ""
time_based = true
time_window_end = 17.0

[node name="binge" parent="talk_1/is_lunch_time/carry_on/not_five_yet" index="0" instance=ExtResource( 5 )]

text = "Hey, so.

You wanna stay and hang out until later?

It's a slow day, so...

I can get my laptop and then we can
resume our binge watching from yesterday.

Sounds good?"
speaker_name = "Hasha"

[node name="choice" parent="talk_1/is_lunch_time/carry_on/not_five_yet" index="1" instance=ExtResource( 6 )]

question = "Hang out with Hasha?"
option0 = "Yeah, sure."
option0_target = "start_ch1"
option1 = "Maybe later?"
option1_target = "no"

[node name="start_ch1" parent="talk_1/is_lunch_time/carry_on/not_five_yet/choice" index="0" instance=ExtResource( 7 )]

[node name="no" parent="talk_1/is_lunch_time/carry_on/not_five_yet/choice" index="1" instance=ExtResource( 8 )]

[node name="speech" parent="talk_1/is_lunch_time/carry_on/not_five_yet/choice/no" index="0" instance=ExtResource( 5 )]

text = "Okay. See you soon."
speaker_name = "Hasha"

[node name="past_five" parent="talk_1/is_lunch_time/carry_on" index="8" instance=ExtResource( 4 )]

conditional_statements = ""
time_based = true
time_window_start = 17.0
time_window_end = 24.0

[node name="going" parent="talk_1/is_lunch_time/carry_on/past_five" index="0" instance=ExtResource( 5 )]

text = "Hey, so.

Are we going?"
speaker_name = "Hasha"

[node name="yeah" parent="talk_1/is_lunch_time/carry_on/past_five" index="1" instance=ExtResource( 5 )]

text = ".....

...Yeah.

Let's go."
speaker_name = "Tyche"

[node name="start_ch1" parent="talk_1/is_lunch_time/carry_on/past_five" index="2" instance=ExtResource( 7 )]

[node name="set_flag" parent="talk_1/is_lunch_time/carry_on" index="9" instance=ExtResource( 10 )]

_sections_unfolded = [ "Pause" ]
flag_name = "hasha_shop_talk"
value = 2


